@INPROCEEDINGS{DBLP:conf/acsos/Cortecchia24,
  author={Cortecchia, Angela},
  booktitle={2024 IEEE International Conference on Autonomic Computing and Self-Organizing Systems Companion (ACSOS-C)}, 
  title={Multiplatform Self-Organizing Systems Through a Kotlin-MP Implementation of Aggregate Computing}, 
  year={2024},
  volume={},
  number={},
  pages={155-157},
  keywords={Aggregates;Prototypes;Distributed computing;aggregate computing;self-organizing systems;multiplatform},
  doi={10.1109/ACSOS-C63493.2024.00048},
  annote = {pub},
  }

@inproceedings{DBLP:conf/acsos/CortecchiaPCC24,
    author = {Angela Cortecchia and
        Danilo Pianini and
        Giovanni Ciatto and
        Roberto Casadei},
    title = {An Aggregate Vascular Morphogenesis Controller for Engineered Self-Organising
        Spatial Structures},
    booktitle = {{IEEE} International Conference on Autonomic Computing and Self-Organizing
        Systems, {ACSOS} 2024, Aarhus, Denmark, September 16-20 2024},
    publisher = {{IEEE}},
    year = {2024},
    pages={133-138},
    keywords={Network topology;Aggregates;Scalability;Computational modeling;Self-organizing networks;Aerodynamics;
        Distributed computing;Periodic structures;plant-inspired computing;aggregate computing;vascular morphogenesis controller},
    doi={10.1109/ACSOS61780.2024.00032},
    annote = {pub},
    bibsource = {dblp computer science bibliography, https://dblp.org}
}

@inproceedings{DBLP:conf/dsrt/FilasetaPC24,
    author = {Angelo Filaseta and
        Danilo Pianini and
        Angela Cortecchia},
    title = {An Architecture and Prototype for Monitoring Distributed Simulations of Distributed Systems},
    booktitle = {{IEEE} International Symposium on Distributed Simulation and Real 
        Time Applications: 28th International Symposium, DS-RT 2024, Urbino, Italy, October 7–9, 2024.},
    publisher = {{IEEE}},
    year = {2024},
    doi={10.1109/DS-RT62209.2024.00037},
    annote    = {pub},
    bibsource = {dblp computer science bibliography, https://dblp.org}
}

@inproceedings{DBLP:conf/dsrt/Cortecchia24,
    author = {Angela Cortecchia},
    title = {Improving the Simulation Performance for Aggregate Programs Through Compiler Plugins},
    booktitle = {{IEEE} International Symposium on Distributed Simulation and Real 
        Time Applications: 28th International Symposium, DS-RT 2024, Urbino, Italy, October 7–9, 2024.},
    publisher = {{IEEE}},
    year = {2024},
    doi={10.1109/DS-RT62209.2024.00027},
    annote    = {pub},
    bibsource = {dblp computer science bibliography, https://dblp.org}
}

@inproceedings{DBLP:conf/coordination/AguzziBBCCDFPV25,
    annote = {notpub},
    author = {Gianluca Aguzzi, Lorenzo Bacchini, Martina Baiardi, Roberto Casadei, Angela Cortecchia, Davide Domini, Nicolas Farabegoli, Danilo Pianini, and Mirko Viroli},
    title = {A Demonstrator for Self-organizing Robot Teams},
    booktitle = {Coordination Models and Languages - 27th {IFIP} {WG} 6.1 International
                  Conference, {COORDINATION} 2025, Held as Part of the 19th International
                  Federated Conference on Distributed Computing Techniques, DisCoTec
                  2025, June 16-20, 2025,  Lille, France, Proceedings},
    series = {Lecture Notes in Computer Science},
    publisher = {Springer},
    year = {2025},
    url = {to appear},
    doi = {to appear},
    biburl = {to appear},
    bibsource = {dblp computer science bibliography, https://dblp.org},
}

